@book{toi3rd,
author = {Stephen G. Kellison},
address = {Boston},
booktitle = {The theory of interest},
edition = {third edition.},
isbn = {978007127627},
keywords = {The theory of interest},
language = {eng},
publisher = {McGrawHill, NY},
title = {The theory of interest},
year = {2009},
}
